@misc{OpenAI2023,
	author = {OpenAI},
	title = {{ChatGPT (March 14 version)}},
	year = {2023},
	note = {\url{https://chat.openai.com/}}